%Each author should be separated by the separator 'and'. Examples are shown after a few templates of conference papers, books, journal articles, etc.
%To generate the References page, type the following commands from Terminal window: 
%'latex FILENAME.tex' 
%'bibtex FILENAME.aux' 
%'latex FILENAME.tex' 
%'latex FILENAME.tex' 
%'dvipdfm FILENAME.dvi' 
@CONFERENCE{x,
  author =       {x},
  title =        {{xx}},
  booktitle =    {x},
  year =         {x},
  volume =       {x},
  pages =       {x--x}
}
@BOOK{x,
  AUTHOR =       {x},
  TITLE =        {x},
  PUBLISHER =    {x},
  YEAR =         {x}
}

@ARTICLE{x,
  author =       {x},
  title =        {x},
  journal =      {x},
  year =         {x},
  volume =       {x},
  pages =        {x--x}
}

@MISC{x,
  title =        {x, http://www.x}
}
@booklet{Xbooklet,
    author   = "x",
    title     = "x",
    howpublished   = "x",
    address  = "x",
    year      = "XXXX",
    month    = "x",
    note     = "x"
}


@ARTICLE{Chen,
  author =       {Author1 and Author2 and Author3 and Author4 and Author5},
  title =        {Publication Title},
  journal =      {Journal on Selected Areas in Communications},
  year =         {1992},
  volume =       {10},
  number = 	{5},
  pages =        {830--849}
}

@BOOK{Kondoz,
  AUTHOR =       {A.~M.~Kondoz},
  TITLE =        {Digital Speech: Coding for Low Bit Rate Communication Systems},
  PUBLISHER =    {Wiley-India},
EDITION = {2},
  YEAR =         {2004}
}

@CONFERENCE{atal,
  author =       {M.~Schroeder and B.~S.~Atal},
  title =        {{Code-excited linear prediction (CELP): High-quality speech at at very low bit rates}},
  booktitle =    {IEEE International Conference on Acoustics, Speech and Signal Processing},
  year =         {1985},
  volume =       {10},
  pages =       {937--940}
}

@MISC{speechcompression,
  title =        {Speech Compression, http://www.data-compression.com/speech.shtml}
}

@booklet{G728,
    title     = {{Coding of speech at 16 kb/s using Low-Delay Code Excited Linear Prediction}},
    address  = "Geneva",
    year      = "1992",
    note     = {{CCITT G.728}}
}

@ARTICLE{6416,
  title =        {{TMS320C6416 DSK Technical Reference}},
  journal =      {Spectrum Digital, DSP Development Systems},
  year =         {2003}
}


